@inproceedings{mikolov2013distributed,
  title={Distributed Representations of Words and Phrases and their Compositionality},
  author={Mikolov, Tomas and Sutskever, Ilya and Chen, Kai and Corrado, Greg and Dean, Jeffrey},
  booktitle={Advances in Neural Information Processing Systems},
  volume={26},
  pages={3111--3119},
  year={2013},
  publisher={Curran Associates, Inc.}
}

@inproceedings{mikolov2013efficient,
  title={Efficient Estimation of Word Representations in Vector Space},
  author={Mikolov, Tomas and Corrado, Greg and Chen, Kai and Dean, Jeffrey},
  booktitle={None},
  journal={arXiv preprint arXiv:1301.3781},
  year={2013}
}